@online{MEDESK,
	author = {Medesk},
	title = {Capacidad hospitalaria: Factores, Gestión y Optimización},
	organization = {Medesk},
	url = {https://www.medesk.net/es/blog/planeacion-de-la-capacidad-hospitalaria/},
	note = {Accessed: 2025-05-03}
}