@online{IMSS2022,
  author       = {IMSS},
  title        = {Con 79 años de existencia, el IMSS ha demostrado su capacidad de respuesta ante desastres naturales y crisis sanitarias},
  year         = {2022},
  month        = jan,
  day          = {19},
  url          = {https://www.imss.gob.mx/prensa/archivo/202201/030},
  note         = {Boletín No. 030/2022}
}
